[gd_scene load_steps=5 format=2]

[ext_resource path="res://fonts/Xolonium-Regular.ttf" type="DynamicFontData" id=1]
[ext_resource path="res://Cell.gd" type="Script" id=2]
[ext_resource path="res://Overlay.gd" type="Script" id=3]

[sub_resource type="DynamicFont" id=1]
size = 24
font_data = ExtResource( 1 )

[node name="Cell" type="Node2D"]
z_index = 2
script = ExtResource( 2 )

[node name="Background" type="ColorRect" parent="."]
margin_right = 40.0
margin_bottom = 40.0
color = Color( 0.588235, 0.2, 0.2, 1 )

[node name="Shadow" type="Node2D" parent="Background"]
z_as_relative = false

[node name="Shadow" type="ColorRect" parent="Background/Shadow"]
margin_right = 40.0
margin_bottom = 40.0
color = Color( 0, 0, 0, 0.635294 )

[node name="Label" type="Label" parent="."]
margin_right = 40.0
margin_bottom = 40.0
custom_fonts/font = SubResource( 1 )
text = "9"
align = 1
valign = 1

[node name="SelectionIndicator" type="ReferenceRect" parent="."]
margin_right = 40.0
margin_bottom = 40.0
border_color = Color( 0, 0, 0, 1 )
border_width = 5.0
editor_only = false

[node name="UsedIndicator" type="ColorRect" parent="."]
margin_right = 40.0
margin_bottom = 40.0
color = Color( 0, 0, 0, 0.501961 )

[node name="Tween" type="Tween" parent="."]

[node name="Overlay" type="Node2D" parent="."]
script = ExtResource( 3 )

[node name="Label" type="Label" parent="Overlay"]
margin_left = 20.0
margin_right = 40.0
margin_bottom = 30.0
rect_scale = Vector2( 0.7, 0.7 )
custom_colors/font_color = Color( 0, 1, 0, 1 )
custom_fonts/font = SubResource( 1 )
text = "*2"
align = 2

[connection signal="gui_input" from="Background" to="." method="_on_Background_gui_input"]
[connection signal="gui_input" from="Background/Shadow/Shadow" to="." method="_on_Background_gui_input"]
